date,sales
1/1/2013,29.654999
1/2/2013,7115.388
1/3/2013,4760.805009
1/4/2013,4525.934004
1/5/2013,5781.60501
1/6/2013,6114.88201
1/7/2013,3823.622
1/8/2013,3484.745996
1/9/2013,3689.604025
1/10/2013,2878.641998
1/11/2013,3661.803003
1/12/2013,4587.602998
1/13/2013,5212.57901
1/14/2013,3309.226
1/15/2013,3185.779996
1/16/2013,3725.715997
1/17/2013,3006.747999
1/18/2013,3418.120991
1/19/2013,4806.186009
1/20/2013,5205.459
1/21/2013,3310.514
1/22/2013,2985.135
1/23/2013,3434.374011
1/24/2013,2347.526002
1/25/2013,2918.392003
1/26/2013,4214.642008
1/27/2013,4880.221001
1/28/2013,2988.31299
1/29/2013,2714.615002
1/30/2013,3217.917
1/31/2013,2721.381996
2/1/2013,3712.121998
2/2/2013,5338.998001
2/3/2013,5263.059
2/4/2013,3379.371989
2/5/2013,3154.338004
2/6/2013,3577.606996
2/7/2013,2997.557004
2/8/2013,3319.627004
2/9/2013,3833.387008
2/10/2013,2594.465997
2/11/2013,2789.297
2/12/2013,3581.272998
2/13/2013,3485.053988
2/14/2013,2679.537998
2/15/2013,3286.091002
2/16/2013,5151.261003
2/17/2013,4375.72799
2/18/2013,3716.451001
2/19/2013,3008.794
2/20/2013,3458.153995
2/21/2013,2659.369002
2/22/2013,2745.509001
2/23/2013,4076.964996
2/24/2013,4911.931004
2/25/2013,2927.986022
2/26/2013,2708.784002
2/27/2013,3141.981
2/28/2013,2831.503001
3/1/2013,3855.361003
3/2/2013,5170.328022
3/3/2013,6147.89397
3/4/2013,3799.938001
3/5/2013,3188.837001
3/6/2013,3530.536996
3/7/2013,2847.912999
3/8/2013,3067.045001
3/9/2013,4693.131
3/10/2013,4948.192
3/11/2013,3256.640001
3/12/2013,2982.358
3/13/2013,3221.52
3/14/2013,2619.853001
3/15/2013,3152.985997
3/16/2013,7682.30299
3/17/2013,6624.252
3/18/2013,3848.665988
3/19/2013,3421.257995
3/20/2013,4067.915001
3/21/2013,3376.029999
3/22/2013,4377.731996
3/23/2013,7044.246
3/24/2013,5792.776
3/25/2013,3785.628008
3/26/2013,3236.651997
3/27/2013,3969.45499
3/28/2013,4238.794005
3/29/2013,5139.446002
3/30/2013,6789.321
3/31/2013,5675.35099
4/1/2013,4674.215001
4/2/2013,4037.354003
4/3/2013,4531.658003
4/4/2013,3854.699
4/5/2013,4672.634
4/6/2013,8094.94
4/7/2013,6521.829
4/8/2013,4119.209999
4/9/2013,3538.401
4/10/2013,4002.398999
4/11/2013,3673.195016
4/12/2013,4909.360999
4/13/2013,7514.91003
4/14/2013,6313.942998
4/15/2013,4127.436
4/16/2013,4023.893
4/17/2013,4371.600001
4/18/2013,3580.220996
4/19/2013,4799.615004
4/20/2013,7306.080998
4/21/2013,6187.155011
4/22/2013,4074.556
4/23/2013,3675.571
4/24/2013,4067.76
4/25/2013,3483.254003
4/26/2013,4561.394
4/27/2013,7126.746
4/28/2013,6232.167
4/29/2013,3763.110991
4/30/2013,3852.739
5/1/2013,6857.083
5/2/2013,4266.350001
5/3/2013,5362.587003
5/4/2013,7513.481998
5/5/2013,6822.148
5/6/2013,4183.568
5/7/2013,3932.899003
5/8/2013,4467.02697
5/9/2013,4059.653001
5/10/2013,6107.34
5/11/2013,8587.739
5/12/2013,5304.087996
5/13/2013,3761.846001
5/14/2013,3436.620998
5/15/2013,4072.351999
5/16/2013,4000.963998
5/17/2013,4941.645
5/18/2013,7204.86402
5/19/2013,6181.670003
5/20/2013,3514.963002
5/21/2013,2981.805
5/22/2013,3562.812998
5/23/2013,3894.777
5/24/2013,5699.197003
5/25/2013,5996.139998
5/26/2013,4908.19
5/27/2013,3643.624
5/28/2013,3337.621002
5/29/2013,3771.227999
5/30/2013,3711.254
5/31/2013,4684.31197
6/1/2013,7925.239
6/2/2013,7403.122999
6/3/2013,4334.420999
6/4/2013,3873.474
6/5/2013,4885.84102
6/6/2013,3929.608999
6/7/2013,5988.254
6/8/2013,7372.051
6/9/2013,7093.075002
6/10/2013,4356.946
6/11/2013,4095.642008
6/12/2013,5242.111999
6/13/2013,4781.606996
6/14/2013,6690.743985
6/15/2013,9954.490996
6/16/2013,7556.48699
6/17/2013,4618.527002
6/18/2013,4313.54202
6/19/2013,4633.289002
6/20/2013,4180.835999
6/21/2013,5672.571999
6/22/2013,7810.644
6/23/2013,7239.975
6/24/2013,4001.493021
6/25/2013,3825.793999
6/26/2013,4042.092002
6/27/2013,3830.708011
6/28/2013,5581.120977
6/29/2013,8132.82
6/30/2013,6948.12
7/1/2013,5348.849996
7/2/2013,5020.898
7/3/2013,5140.475003
7/4/2013,4389.859
7/5/2013,5818.129009
7/6/2013,7905.72698
7/7/2013,7167.559
7/8/2013,4429.18
7/9/2013,4126.617999
7/10/2013,4284.139
7/11/2013,3739.224999
7/12/2013,5127.779006
7/13/2013,7591.875
7/14/2013,6439.838
7/15/2013,4307.907004
7/16/2013,4462.858
7/17/2013,4767.135
7/18/2013,4276.461981
7/19/2013,5695.987004
7/20/2013,7793.555
7/21/2013,6297.429998
7/22/2013,4282.649
7/23/2013,4233.863001
7/24/2013,4964.054
7/25/2013,4954.925
7/26/2013,5544.072024
7/27/2013,7707.935
7/28/2013,5988.924
7/29/2013,3783.086
7/30/2013,3874.508996
7/31/2013,4372.926999
8/1/2013,4894.530996
8/2/2013,5758.894999
8/3/2013,7867.467
8/4/2013,6602.609
8/5/2013,4698.000999
8/6/2013,4149.698001
8/7/2013,4511.061
8/8/2013,4029.22
8/9/2013,5379.114
8/10/2013,6982.167996
8/11/2013,5676.143
8/12/2013,4189.55001
8/13/2013,3876.781
8/14/2013,4357.391001
8/15/2013,3752.725002
8/16/2013,6008.304004
8/17/2013,7349.457
8/18/2013,6374.009
8/19/2013,4491.881
8/20/2013,4157.598999
8/21/2013,4421.322999
8/22/2013,3765.268001
8/23/2013,5207.016004
8/24/2013,7366.073
8/25/2013,6210.619999
8/26/2013,4232.27
8/27/2013,4050.455999
8/28/2013,4497.991004
8/29/2013,4111.512
8/30/2013,5397.862
8/31/2013,8733.41601
9/1/2013,8231.857
9/2/2013,5343.773004
9/3/2013,4848.061996
9/4/2013,4940.563997
9/5/2013,4098.738999
9/6/2013,5313.878
9/7/2013,8230.679
9/8/2013,7185.618
9/9/2013,4030.01099
9/10/2013,4001.804001
9/11/2013,4186.448
9/12/2013,3646.537
9/13/2013,5148.193991
9/14/2013,7840.207
9/15/2013,7169.113999
9/16/2013,4415.709999
9/17/2013,3888.782
9/18/2013,4266.80798
9/19/2013,3811.829
9/20/2013,5253.904
9/21/2013,7781.137008
9/22/2013,7108.112
9/23/2013,4347.251001
9/24/2013,3744.81902
9/25/2013,4217.389
9/26/2013,3661.034
9/27/2013,5280.213
9/28/2013,7840.991996
9/29/2013,6909.25
9/30/2013,4399.327001
10/1/2013,5219.82599
10/2/2013,5362.442999
10/3/2013,4316.338979
10/4/2013,5850.118
10/5/2013,8830.185
10/6/2013,7513.523
10/7/2013,4552.323
10/8/2013,4008.342996
10/9/2013,4282.038
10/10/2013,4567.429001
10/11/2013,7584.034
10/12/2013,6821.226001
10/13/2013,6052.524996
10/14/2013,3790.008998
10/15/2013,3702.528998
10/16/2013,4616.367995
10/17/2013,3937.743999
10/18/2013,5046.657998
10/19/2013,7777.842
10/20/2013,7253.89
10/21/2013,3876.775999
10/22/2013,3317.021
10/23/2013,4195.278997
10/24/2013,3836.318999
10/25/2013,5337.341999
10/26/2013,7662.435004
10/27/2013,6406.51399
10/28/2013,3846.612001
10/29/2013,3860.051999
10/30/2013,4226.754001
10/31/2013,3730.613
11/1/2013,5810.465001
11/2/2013,8405.799001
11/3/2013,7660.631
11/4/2013,4669.37899
11/5/2013,4346.055
11/6/2013,4930.996
11/7/2013,4091.997
11/8/2013,5272.750996
11/9/2013,8022.641
11/10/2013,7261.734
11/11/2013,4316.280993
11/12/2013,3995.015
11/13/2013,4403.138996
11/14/2013,3637.182
11/15/2013,5257.088989
11/16/2013,8469.777
11/17/2013,7291.029004
11/18/2013,4466.215002
11/19/2013,4268.987975
11/20/2013,4821.83697
11/21/2013,4196.717977
11/22/2013,6192.761018
11/23/2013,7932.13501
11/24/2013,7386.286
11/25/2013,4407.408001
11/26/2013,4424.808992
11/27/2013,5667.448999
11/28/2013,4927.736999
11/29/2013,6355.686
11/30/2013,10652.647
12/1/2013,9829.346996
12/2/2013,6194.56901
12/3/2013,5804.540989
12/4/2013,7408.526
12/5/2013,7547.576999
12/6/2013,9664.099006
12/7/2013,11317.72399
12/8/2013,10526.431
12/9/2013,10468.63505
12/10/2013,16682.82804
12/11/2013,12255.0119
12/12/2013,11800.19001
12/13/2013,19158.48706
12/14/2013,23228.56703
12/15/2013,22091.52185
12/16/2013,21578.14692
12/17/2013,27960.48986
12/18/2013,42812.47508
12/19/2013,44418.43622
12/20/2013,53184.60449
12/21/2013,77376.67683
12/22/2013,70338.30299
12/23/2013,100656.6595
12/24/2013,47258.25969
12/25/2013,0
12/26/2013,21887.53421
12/27/2013,26909.53902
12/28/2013,37431.80793
12/29/2013,31672.86896
12/30/2013,33661.03996
12/31/2013,23025.46496
1/1/2014,247.270004
1/2/2014,8177.463981
1/3/2014,7537.910978
1/4/2014,10826.72498
1/5/2014,9502.818999
1/6/2014,5594.166006
1/7/2014,4953.06
1/8/2014,5783.748024
1/9/2014,5324.124999
1/10/2014,5943.623014
1/11/2014,8696.138
1/12/2014,7603.78201
1/13/2014,4623.576991
1/14/2014,4480.013016
1/15/2014,5242.623
1/16/2014,4972.172005
1/17/2014,5909.717986
1/18/2014,8529.626995
1/19/2014,7181.607991
1/20/2014,4792.655
1/21/2014,4672.774998
1/22/2014,4486.079
1/23/2014,4067.693
1/24/2014,5735.506996
1/25/2014,8326.19003
1/26/2014,7157.121
1/27/2014,4458.498
1/28/2014,4040.7
1/29/2014,4920.983982
1/30/2014,4695.602018
1/31/2014,6664.77302
2/1/2014,10143.224
2/2/2014,8623.396
2/3/2014,5470.832001
2/4/2014,5009.291999
2/5/2014,5417.989996
2/6/2014,4778.802
2/7/2014,6182.315004
2/8/2014,8522.58697
2/9/2014,6808.647998
2/10/2014,4849.998
2/11/2014,4400.983001
2/12/2014,5115.143003
2/13/2014,4692.016
2/14/2014,6668.231
2/15/2014,9132.445
2/16/2014,7511.535
2/17/2014,4613.148
2/18/2014,4493.166999
2/19/2014,4829.337985
2/20/2014,3936.568006
2/21/2014,5336.481
2/22/2014,7818.065001
2/23/2014,5921.472001
2/24/2014,4427.521
2/25/2014,4164.801001
2/26/2014,4835.193988
2/27/2014,4211.923
2/28/2014,6310.821
3/1/2014,9983.55901
3/2/2014,7862.035
3/3/2014,7804.048002
3/4/2014,7884.627
3/5/2014,6080.772996
3/6/2014,5562.44901
3/7/2014,6359.662
3/8/2014,8369.873
3/9/2014,8066.013
3/10/2014,4715.207
3/11/2014,4545.919005
3/12/2014,5354.524996
3/13/2014,4642.431008
3/14/2014,6399.059
3/15/2014,8842.668
3/16/2014,8906.153
3/17/2014,5034.498
3/18/2014,4809.949008
3/19/2014,5393.790008
3/20/2014,4914.078
3/21/2014,6207.87
3/22/2014,8943.46498
3/23/2014,7584.152021
3/24/2014,4611.745994
3/25/2014,4619.677
3/26/2014,5014.47401
3/27/2014,4723.825
3/28/2014,5954.347999
3/29/2014,9303.503
3/30/2014,7831.496
3/31/2014,5356.34099
4/1/2014,5638.725998
4/2/2014,5731.375016
4/3/2014,4740.249
4/4/2014,6190.68001
4/5/2014,9379.85397
4/6/2014,7370.997
4/7/2014,4530.627001
4/8/2014,3907.314
4/9/2014,4753.524998
4/10/2014,4239.94099
4/11/2014,5658.120001
4/12/2014,8056.58201
4/13/2014,6670.498996
4/14/2014,3895.112007
4/15/2014,3880.521
4/16/2014,4646.630998
4/17/2014,5530.006996
4/18/2014,6511.906005
4/19/2014,7741.587998
4/20/2014,5998.125
4/21/2014,4628.43801
4/22/2014,4333.395997
4/23/2014,4979.305004
4/24/2014,4185.140005
4/25/2014,5513.89
4/26/2014,8006.889
4/27/2014,7202.39
4/28/2014,4280.328001
4/29/2014,4070.042002
4/30/2014,5193.831
5/1/2014,6948.401999
5/2/2014,5936.903
5/3/2014,8631.845028
5/4/2014,7858.68799
5/5/2014,4897.463002
5/6/2014,4572.369999
5/7/2014,5625.308993
5/8/2014,5055.616978
5/9/2014,7091.383004
5/10/2014,9677.669002
5/11/2014,7063.550994
5/12/2014,4391.825999
5/13/2014,4218.465001
5/14/2014,4609.042983
5/15/2014,3964.045
5/16/2014,6033.159991
5/17/2014,7955.03701
5/18/2014,7465.549999
5/19/2014,4472.820999
5/20/2014,3889.268999
5/21/2014,4747.042
5/22/2014,3878.676001
5/23/2014,5572.499001
5/24/2014,8434.083978
5/25/2014,6886.210999
5/26/2014,3957.462
5/27/2014,4002.564
5/28/2014,4251.872996
5/29/2014,3990.369009
5/30/2014,5980.927
5/31/2014,8757.843
6/1/2014,8788.465
6/2/2014,5609.257002
6/3/2014,4952.713013
6/4/2014,5314.61801
6/5/2014,4383.42799
6/6/2014,5807.765997
6/7/2014,8331.96402
6/8/2014,7650.195996
6/9/2014,4699.955998
6/10/2014,4447.555986
6/11/2014,5106.09301
6/12/2014,4749.919982
6/13/2014,6826.574992
6/14/2014,10709.86903
6/15/2014,6240.209004
6/16/2014,4738.448
6/17/2014,4263.41
6/18/2014,4983.1
6/19/2014,4172.897002
6/20/2014,6178.701
6/21/2014,8144.379998
6/22/2014,7380.002002
6/23/2014,4192.584999
6/24/2014,3975.882001
6/25/2014,5590.214998
6/26/2014,3782.077002
6/27/2014,5592.384996
6/28/2014,7969.71
6/29/2014,6820.758995
6/30/2014,4534.290989
7/1/2014,6254.544
7/2/2014,6678.205
7/3/2014,5756.50501
7/4/2014,6699.91
7/5/2014,8948.66301
7/6/2014,8270.838996
7/7/2014,5396.317
7/8/2014,4814.793
7/9/2014,5193.537981
7/10/2014,4872.064999
7/11/2014,6232.375
7/12/2014,9017.934
7/13/2014,7476.302002
7/14/2014,5004.378
7/15/2014,4899.911006
7/16/2014,5757.497004
7/17/2014,5087.913
7/18/2014,6348.981996
7/19/2014,8434.932996
7/20/2014,7169.662998
7/21/2014,5033.574
7/22/2014,4791.584005
7/23/2014,5497.708997
7/24/2014,4979.741
7/25/2014,6927.701005
7/26/2014,8111.885
7/27/2014,6627.862
7/28/2014,4827.571
7/29/2014,4654.81
7/30/2014,5243.01801
7/31/2014,4992.427978
8/1/2014,6785.365996
8/2/2014,8926.465996
8/3/2014,7465.349
8/4/2014,5041.984001
8/5/2014,4758.322997
8/6/2014,4911.531
8/7/2014,4503.073024
8/8/2014,5877.06
8/9/2014,7944.545
8/10/2014,6046.831
8/11/2014,4436.682001
8/12/2014,4162.747002
8/13/2014,4759.491
8/14/2014,4116.693999
8/15/2014,6008.762
8/16/2014,8274.17399
8/17/2014,6844.394018
8/18/2014,4575.220998
8/19/2014,4344.34001
8/20/2014,5051.164986
8/21/2014,4303.742004
8/22/2014,5726.513
8/23/2014,7879.239018
8/24/2014,6496.170011
8/25/2014,4464.088999
8/26/2014,4130.654002
8/27/2014,4910.344998
8/28/2014,4176.558002
8/29/2014,5507.602998
8/30/2014,8698.893006
8/31/2014,7932.992001
9/1/2014,6642.355998
9/2/2014,5752.602
9/3/2014,5740.293002
9/4/2014,4759.733
9/5/2014,6339.190002
9/6/2014,9253.168
9/7/2014,8305.624
9/8/2014,4979.977001
9/9/2014,4827.149
9/10/2014,5036.417
9/11/2014,4193.858
9/12/2014,5715.02799
9/13/2014,8819.150002
9/14/2014,7446.055
9/15/2014,4595.251
9/16/2014,4964.798
9/17/2014,5035.838998
9/18/2014,4176.872997
9/19/2014,5662.11101
9/20/2014,8382.99498
9/21/2014,7162.93201
9/22/2014,4327.212004
9/23/2014,4426.82199
9/24/2014,5067.570996
9/25/2014,4201.00999
9/26/2014,5860.272005
9/27/2014,8691.587
9/28/2014,7591.502002
9/29/2014,4374.05
9/30/2014,4586.641
10/1/2014,6634.688004
10/2/2014,5501.082
10/3/2014,7113.625
10/4/2014,9427.975
10/5/2014,8581.936
10/6/2014,4957.355002
10/7/2014,4761.486
10/8/2014,5280.749998
10/9/2014,5216.727996
10/10/2014,7724.318996
10/11/2014,7523.328
10/12/2014,6460.265
10/13/2014,4327.222
10/14/2014,4227.646004
10/15/2014,5115.573996
10/16/2014,4597.463
10/17/2014,5842.137998
10/18/2014,8606.43
10/19/2014,7818.677
10/20/2014,4474.857004
10/21/2014,4117.515002
10/22/2014,4873.372
10/23/2014,4050.257004
10/24/2014,5533.859004
10/25/2014,7917.895
10/26/2014,7023.144
10/27/2014,4245.818001
10/28/2014,4005.620005
10/29/2014,4743.06599
10/30/2014,4416.569999
10/31/2014,5964.796012
11/1/2014,8578.943004
11/2/2014,6885.534998
11/3/2014,8331.413
11/4/2014,5400.469996
11/5/2014,5905.006
11/6/2014,4814.051004
11/7/2014,5985.29901
11/8/2014,8853.197
11/9/2014,8018.482
11/10/2014,4361.81902
11/11/2014,4362.846002
11/12/2014,5038.142999
11/13/2014,4402.131004
11/14/2014,6119.015012
11/15/2014,8659.891
11/16/2014,8267.489
11/17/2014,4900.319998
11/18/2014,4792.606986
11/19/2014,5287.414
11/20/2014,5134.135
11/21/2014,6523.759018
11/22/2014,8695.983014
11/23/2014,7876.206996
11/24/2014,5725.600009
11/25/2014,5016.436995
11/26/2014,5574.793986
11/27/2014,5541.556004
11/28/2014,6576.96799
11/29/2014,10270.876
11/30/2014,9612.520027
12/1/2014,7244.994002
12/2/2014,7246.700977
12/3/2014,7547.17501
12/4/2014,6889.450995
12/5/2014,9519.886005
12/6/2014,12143.71203
12/7/2014,11806.59197
12/8/2014,9886.227967
12/9/2014,15581.90401
12/10/2014,28796.88612
12/11/2014,11316.02793
12/12/2014,17445.76611
12/13/2014,22238.20196
12/14/2014,24044.73304
12/15/2014,20720.61089
12/16/2014,22459.02197
12/17/2014,34221.566
12/18/2014,42264.43391
12/19/2014,45402.61866
12/20/2014,59493.86479
12/21/2014,66919.99326
12/22/2014,78452.38215
12/23/2014,83269.84714
12/24/2014,58964.37581
12/25/2014,0
12/26/2014,23601.4352
12/27/2014,22984.21593
12/28/2014,23253.97903
12/29/2014,32578.12914
12/30/2014,34811.06819
12/31/2014,26754.67688
1/1/2015,831.417
1/2/2015,11945.45001
1/3/2015,11354.62298
1/4/2015,9735.620997
1/5/2015,7217.057015
1/6/2015,7199.16001
1/7/2015,7200.583005
1/8/2015,6239.613024
1/9/2015,7204.184994
1/10/2015,9439.123004
1/11/2015,9292.318024
1/12/2015,5728.206
1/13/2015,5229.162002
1/14/2015,5720.789001
1/15/2015,5182.154991
1/16/2015,7378.970011
1/17/2015,10292.789
1/18/2015,8289.87799
1/19/2015,5261.624
1/20/2015,4794.157002
1/21/2015,5772.832002
1/22/2015,4883.988
1/23/2015,6391.496996
1/24/2015,9283.50899
1/25/2015,8363.86801
1/26/2015,4804.172
1/27/2015,4181.689998
1/28/2015,5212.731002
1/29/2015,4630.90698
1/30/2015,6534.399
1/31/2015,10020.098
2/1/2015,10040.773
2/2/2015,6029.973007
2/3/2015,5467.152004
2/4/2015,5774.443998
2/5/2015,5349.535981
2/6/2015,6482.699988
2/7/2015,9370.805
2/8/2015,7878.46199
2/9/2015,4943.105002
2/10/2015,4702.966
2/11/2015,5011.345994
2/12/2015,5285.744003
2/13/2015,7378.743004
2/14/2015,10417.91
2/15/2015,7747.851
2/16/2015,7248.896
2/17/2015,6805.923
2/18/2015,5663.6
2/19/2015,5413.679008
2/20/2015,6766.008001
2/21/2015,9430.221996
2/22/2015,8577.637002
2/23/2015,4770.393
2/24/2015,4631.455
2/25/2015,5312.356
2/26/2015,4758.653
2/27/2015,6589.935004
2/28/2015,9991.195002
3/1/2015,9992.484004
3/2/2015,5797.472007
3/3/2015,5498.717
3/4/2015,5975.506
3/5/2015,5396.373998
3/6/2015,7206.758002
3/7/2015,10276.00101
3/8/2015,8520.523995
3/9/2015,5677.616996
3/10/2015,5399.072996
3/11/2015,5791.865012
3/12/2015,5113.438998
3/13/2015,6555.19701
3/14/2015,9895.707
3/15/2015,7626.510998
3/16/2015,5203.875996
3/17/2015,4657.910002
3/18/2015,4800.921002
3/19/2015,4686.755002
3/20/2015,6219.286
3/21/2015,9770.936004
3/22/2015,7576.682998
3/23/2015,4784.251996
3/24/2015,4676.326
3/25/2015,5006.626
3/26/2015,4714.024
3/27/2015,6346.518001
3/28/2015,8920.376
3/29/2015,6955.228004
3/30/2015,4645.757004
3/31/2015,4849.604
4/1/2015,6321.817
4/2/2015,6504.559
4/3/2015,8378.363
4/4/2015,10085.388
4/5/2015,8081.976
4/6/2015,5666.226
4/7/2015,5409.811003
4/8/2015,5934.496993
4/9/2015,5284.661998
4/10/2015,6700.135
4/11/2015,10375.95501
4/12/2015,8699.051
4/13/2015,5627.018002
4/14/2015,5005.112
4/15/2015,5980.453
4/16/2015,5673.57199
4/17/2015,7148.807
4/18/2015,10798.219
4/19/2015,9090.87
4/20/2015,5336.392
4/21/2015,5291.191987
4/22/2015,6192.756
4/23/2015,4836.409998
4/24/2015,6757.825999
4/25/2015,9704.483
4/26/2015,8029.76298
4/27/2015,4602.1
4/28/2015,4461.317
4/29/2015,5502.612002
4/30/2015,6451.889
5/1/2015,10006.751
5/2/2015,10811.662
5/3/2015,8648.436
5/4/2015,5790.669004
5/5/2015,5889.439004
5/6/2015,6772.969008
5/7/2015,5970.19399
5/8/2015,8179.12798
5/9/2015,12279.06502
5/10/2015,8280.22098
5/11/2015,5569.580998
5/12/2015,4899.546
5/13/2015,5247.029
5/14/2015,4955.3
5/15/2015,6609.630998
5/16/2015,10255.903
5/17/2015,8497.912
5/18/2015,5313.680998
5/19/2015,4925.096
5/20/2015,5572.631999
5/21/2015,5169.871
5/22/2015,6795.629
5/23/2015,9847.56
5/24/2015,8061.814
5/25/2015,5182.785004
5/26/2015,4839.126
5/27/2015,5750.95701
5/28/2015,4805.122998
5/29/2015,6887.705002
5/30/2015,10639.468
5/31/2015,9509.268006
6/1/2015,6651.876
6/2/2015,5917.000002
6/3/2015,6193.366004
6/4/2015,5881.879
6/5/2015,7437.705998
6/6/2015,10747.796
6/7/2015,8838.270998
6/8/2015,5204.360996
6/9/2015,5143.970998
6/10/2015,5683.277996
6/11/2015,5549.237
6/12/2015,6858.968004
6/13/2015,9942.008996
6/14/2015,8736.793
6/15/2015,5535.378
6/16/2015,5921.746992
6/17/2015,6425.831996
6/18/2015,5799.966
6/19/2015,8176.570019
6/20/2015,11641.055
6/21/2015,8310.87
6/22/2015,5323.195004
6/23/2015,5521.42
6/24/2015,5798.398002
6/25/2015,5560.287
6/26/2015,7043.73202
6/27/2015,10101.261
6/28/2015,8675.311
6/29/2015,5127.261998
6/30/2015,5339.210002
7/1/2015,7540.802994
7/2/2015,6544.115996
7/3/2015,8747.418998
7/4/2015,11427.773
7/5/2015,9198.93299
7/6/2015,6381.84
7/7/2015,5746.581006
7/8/2015,6556.093
7/9/2015,5410.254996
7/10/2015,7089.15
7/11/2015,9224.28302
7/12/2015,7953.023
7/13/2015,5511.258
7/14/2015,5024.409012
7/15/2015,5795.805
7/16/2015,5540.656
7/17/2015,7782.921
7/18/2015,10093.241
7/19/2015,7754.32199
7/20/2015,5538.621002
7/21/2015,5420.335004
7/22/2015,5409.942992
7/23/2015,5209.43
7/24/2015,7408.718
7/25/2015,9695.183
7/26/2015,7418.655004
7/27/2015,5001.225998
7/28/2015,4978.408
7/29/2015,5257.056001
7/30/2015,4925.434002
7/31/2015,7632.161
8/1/2015,11351.50401
8/2/2015,8721.972
8/3/2015,6550.810002
8/4/2015,6042.041998
8/5/2015,6158.715
8/6/2015,5480.774004
8/7/2015,7055.570992
8/8/2015,9415.484
8/9/2015,6526.675
8/10/2015,6727.633
8/11/2015,5129.739996
8/12/2015,5837.551
8/13/2015,5060.189999
8/14/2015,6993.269976
8/15/2015,10075.016
8/16/2015,7526.025004
8/17/2015,5145.295
8/18/2015,5050.989
8/19/2015,5372.184006
8/20/2015,5167.55401
8/21/2015,7227.819014
8/22/2015,9773.51
8/23/2015,7287.150996
8/24/2015,5169.126
8/25/2015,4941.255
8/26/2015,5261.340002
8/27/2015,5215.979004
8/28/2015,6876.85
8/29/2015,9773.427
8/30/2015,8346.444002
8/31/2015,5968.119998
9/1/2015,6751.171
9/2/2015,6748.206
9/3/2015,5993.94899
9/4/2015,7485.355004
9/5/2015,11161.456
9/6/2015,8857.454
9/7/2015,5510.407
9/8/2015,5028.833018
9/9/2015,5487.615978
9/10/2015,4991.197012
9/11/2015,7181.986998
9/12/2015,9829.989
9/13/2015,8562.556006
9/14/2015,5031.818998
9/15/2015,5379.414999
9/16/2015,6044.486008
9/17/2015,5264.540002
9/18/2015,6805.788002
9/19/2015,10297.628
9/20/2015,8323.302996
9/21/2015,5212.894
9/22/2015,4901.745978
9/23/2015,5554.99099
9/24/2015,4917.923994
9/25/2015,6722.032999
9/26/2015,9903.25
9/27/2015,8218.544
9/28/2015,4756.554998
9/29/2015,4558.373
9/30/2015,5697.15301
10/1/2015,6570.028
10/2/2015,8228.762998
10/3/2015,11775.39296
10/4/2015,9818.661
10/5/2015,6218.96301
10/6/2015,5411.381005
10/7/2015,6102.944
10/8/2015,6693.304988
10/9/2015,9511.138
10/10/2015,9756.240992
10/11/2015,7558.694998
10/12/2015,5268.765003
10/13/2015,4764.538002
10/14/2015,5200.517012
10/15/2015,5088.050998
10/16/2015,6910.77
10/17/2015,10129.736
10/18/2015,8280.28
10/19/2015,5274.837002
10/20/2015,5266.598005
10/21/2015,5581.953983
10/22/2015,5128.734
10/23/2015,6721.09403
10/24/2015,10108.203
10/25/2015,8400.39498
10/26/2015,5045.699998
10/27/2015,4906.357011
10/28/2015,5174.073
10/29/2015,5141.766996
10/30/2015,7471.498968
10/31/2015,10338.917
11/1/2015,8056.538998
11/2/2015,7821.087998
11/3/2015,8688.73501
11/4/2015,6390.299998
11/5/2015,5738.266996
11/6/2015,7059.614
11/7/2015,9291.887
11/8/2015,8554.518
11/9/2015,5180.738999
11/10/2015,5314.756006
11/11/2015,5412.903
11/12/2015,5507.243004
11/13/2015,6878.021998
11/14/2015,10359.82598
11/15/2015,9009.90104
11/16/2015,5747.864999
11/17/2015,5890.767001
11/18/2015,6515.211018
11/19/2015,6008.644964
11/20/2015,8005.428008
11/21/2015,11051.47697
11/22/2015,9801.327004
11/23/2015,7012.300022
11/24/2015,6935.169024
11/25/2015,6915.282002
11/26/2015,6510.389
11/27/2015,9048.944012
11/28/2015,11656.50498
11/29/2015,10660.12099
11/30/2015,7220.898006
12/1/2015,12043.33807
12/2/2015,9530.167998
12/3/2015,11663.38713
12/4/2015,11352.28598
12/5/2015,18074.06414
12/6/2015,15340.252
12/7/2015,11469.35
12/8/2015,16529.75084
12/9/2015,15315.26801
12/10/2015,15802.47591
12/11/2015,26270.00103
12/12/2015,27415.6662
12/13/2015,25574.74309
12/14/2015,28772.35413
12/15/2015,47530.99003
12/16/2015,47030.80616
12/17/2015,54920.19258
12/18/2015,67192.28286
12/19/2015,86604.2474
12/20/2015,78793.41393
12/21/2015,117443.2359
12/22/2015,122042.9156
12/23/2015,102628.903
12/24/2015,56100.75605
12/25/2015,0
12/26/2015,31696.96498
12/27/2015,24831.40592
12/28/2015,33035.53684
12/29/2015,47246.43957
12/30/2015,44110.85885
12/31/2015,30272.13903
1/1/2016,596.125
1/2/2016,11795.28098
1/3/2016,11447.52099
1/4/2016,8546.223
1/5/2016,8191.186
1/6/2016,8208.030982
1/7/2016,6695.146012
1/8/2016,8568.511
1/9/2016,12475.255
1/10/2016,10042.072
1/11/2016,5854.884986
1/12/2016,5740.711002
1/13/2016,6379.314994
1/14/2016,5688.049015
1/15/2016,8304.881988
1/16/2016,12448.304
1/17/2016,9845.015
1/18/2016,6221.602999
1/19/2016,6210.094994
1/20/2016,7652.058986
1/21/2016,5298.237016
1/22/2016,7569.928004
1/23/2016,11155.85003
1/24/2016,8522.569
1/25/2016,5253.183002
1/26/2016,5067.421976
1/27/2016,5829.260024
1/28/2016,5381.132
1/29/2016,7503.620996
1/30/2016,11492.193
1/31/2016,9284.123
2/1/2016,6861.383015
2/2/2016,6295.958
2/3/2016,6675.642006
2/4/2016,6210.934008
2/5/2016,9190.299001
2/6/2016,12693.756
2/7/2016,9254.744
2/8/2016,7630.576
2/9/2016,7003.026
2/10/2016,6677.55602
2/11/2016,5832.691004
2/12/2016,7954.740994
2/13/2016,10655.918
2/14/2016,9095.455
2/15/2016,5973.109002
2/16/2016,6017.770998
2/17/2016,6568.26701
2/18/2016,5615.331996
2/19/2016,7715.352004
2/20/2016,11126.191
2/21/2016,8541.989
2/22/2016,5690.119998
2/23/2016,5608.113995
2/24/2016,5976.481994
2/25/2016,5455.181
2/26/2016,7210.136006
2/27/2016,11447.969
2/28/2016,8455.922002
2/29/2016,5445.416
3/1/2016,6842.324
3/2/2016,7038.769992
3/3/2016,5621.199
3/4/2016,7808.218002
3/5/2016,11460.047
3/6/2016,8750.243026
3/7/2016,5790.759996
3/8/2016,5857.28499
3/9/2016,5950.165
3/10/2016,5230.235
3/11/2016,7881.571006
3/12/2016,10603.259
3/13/2016,8194.590006
3/14/2016,5133.383998
3/15/2016,5298.688
3/16/2016,6138.961996
3/17/2016,5299.250999
3/18/2016,7562.164
3/19/2016,10479.523
3/20/2016,8288.333
3/21/2016,5403.093992
3/22/2016,5051.195
3/23/2016,6160.094
3/24/2016,7431.201
3/25/2016,7503.139002
3/26/2016,9802.714998
3/27/2016,7289.708002
3/28/2016,5234.46799
3/29/2016,5464.355
3/30/2016,5638.071
3/31/2016,5440.979998
4/1/2016,8660.406002
4/2/2016,11744.853
4/3/2016,9529.95599
4/4/2016,5798.959
4/5/2016,5698.897
4/6/2016,5945.765996
4/7/2016,5133.180988
4/8/2016,7190.903
4/9/2016,10521.556
4/10/2016,8547.33
4/11/2016,4885.021
4/12/2016,5136.86
4/13/2016,5679.616014
4/14/2016,5494.070996
4/15/2016,7691.761002
4/16/2016,9910.17201
4/17/2016,8429.363
4/18/2016,5716.673002
4/19/2016,5567.260986
4/20/2016,5952.338002
4/21/2016,5241.248012
4/22/2016,6928.114998
4/23/2016,9758.785998
4/24/2016,8353.753
4/25/2016,5235.324
4/26/2016,4907.647997
4/27/2016,5665.209
4/28/2016,4922.513
4/29/2016,7473.936993
4/30/2016,10893.37002
5/1/2016,10116.359
5/2/2016,6365.907
5/3/2016,6657.769996
5/4/2016,6806.49898
5/5/2016,6567.989
5/6/2016,9018.494042
5/7/2016,12849.385
5/8/2016,8583.406
5/9/2016,5578.404
5/10/2016,5120.612004
5/11/2016,5841.646998
5/12/2016,5562.15
5/13/2016,7404.215998
5/14/2016,10786.49699
5/15/2016,8805.863
5/16/2016,5825.943
5/17/2016,5326.99
5/18/2016,5545.309996
5/19/2016,5532.683002
5/20/2016,7340.682002
5/21/2016,10430.592
5/22/2016,8830.396002
5/23/2016,5344.327
5/24/2016,5058.900003
5/25/2016,5870.654978
5/26/2016,6068.069978
5/27/2016,10257.562
5/28/2016,9690.351
5/29/2016,7289.801
5/30/2016,5511.79
5/31/2016,6930.073968
6/1/2016,6785.27399
6/2/2016,5695.684998
6/3/2016,7444.976982
6/4/2016,11099.4
6/5/2016,8515.591
6/6/2016,5085.015
6/7/2016,4955.078995
6/8/2016,5822.116998
6/9/2016,4707.183996
6/10/2016,6735.782999
6/11/2016,9503.874
6/12/2016,7856.694
6/13/2016,5321.908
6/14/2016,5170.666002
6/15/2016,6121.657998
6/16/2016,6627.585004
6/17/2016,8881.997988
6/18/2016,12092.544
6/19/2016,8598.417
6/20/2016,5298.853019
6/21/2016,5080.053006
6/22/2016,5595.133986
6/23/2016,5199.159
6/24/2016,6937.912
6/25/2016,11100.246
6/26/2016,8345.085998
6/27/2016,5094.679
6/28/2016,5129.943998
6/29/2016,5605.306002
6/30/2016,5208.065996
7/1/2016,8892.791986
7/2/2016,11774.921
7/3/2016,8849.691004
7/4/2016,6128.758
7/5/2016,6016.844002
7/6/2016,6506.722006
7/7/2016,5563.750996
7/8/2016,7564.065
7/9/2016,10444.05601
7/10/2016,7859.4
7/11/2016,5423.444
7/12/2016,4907.553
7/13/2016,5466.39499
7/14/2016,4869.093
7/15/2016,6829.130999
7/16/2016,10105.032
7/17/2016,7653.564
7/18/2016,5181.249
7/19/2016,4971.272995
7/20/2016,6087.168996
7/21/2016,5016.881
7/22/2016,6948.892004
7/23/2016,9561.022
7/24/2016,7130.86199
7/25/2016,5463.503988
7/26/2016,4808.120998
7/27/2016,5726.349016
7/28/2016,5110.162002
7/29/2016,7117.210002
7/30/2016,10301.094
7/31/2016,7673.238002
8/1/2016,6526.251005
8/2/2016,5823.613004
8/3/2016,6136.617998
8/4/2016,5309.593004
8/5/2016,7120.318
8/6/2016,9743.026
8/7/2016,7101.648984
8/8/2016,5267.026001
8/9/2016,4828.678
8/10/2016,5678.037
8/11/2016,5566.375
8/12/2016,8518.465
8/13/2016,8619.36801
8/14/2016,6306.898
8/15/2016,5075.482
8/16/2016,5246.715996
8/17/2016,5790.897998
8/18/2016,5276.054978
8/19/2016,6867.598998
8/20/2016,9422.787
8/21/2016,7244.926998
8/22/2016,5151.533004
8/23/2016,5359.349
8/24/2016,5424.396004
8/25/2016,5081.005006
8/26/2016,6688.188005
8/27/2016,9239.56
8/28/2016,7045.764
8/29/2016,4933.104
8/30/2016,4508.134
8/31/2016,5877.152004
9/1/2016,6081.737
9/2/2016,7758.93299
9/3/2016,10743.233
9/4/2016,8387.083
9/5/2016,6035.84
9/6/2016,5605.417
9/7/2016,5574.51498
9/8/2016,5080.557
9/9/2016,6749.195
9/10/2016,9964.633
9/11/2016,7705.314
9/12/2016,4999.79801
9/13/2016,4556.510988
9/14/2016,4826.712998
9/15/2016,4661.663
9/16/2016,6825.300002
9/17/2016,9881.997
9/18/2016,7723.477998
9/19/2016,4797.136002
9/20/2016,4819.092998
9/21/2016,5068.909008
9/22/2016,4697.823002
9/23/2016,7069.650003
9/24/2016,9833.434
9/25/2016,7429.95
9/26/2016,5004.306
9/27/2016,4539.203002
9/28/2016,5092.505002
9/29/2016,4544.734002
9/30/2016,7064.850996
10/1/2016,10851.55899
10/2/2016,8894.99
10/3/2016,6034.76702
10/4/2016,5242.255997
10/5/2016,5818.925005
10/6/2016,5182.78399
10/7/2016,6999.484999
10/8/2016,10167.957
10/9/2016,8221.765
10/10/2016,5090.253
10/11/2016,5086.946
10/12/2016,5219.594002
10/13/2016,4858.168
10/14/2016,6660.014
10/15/2016,10069.131
10/16/2016,8514.496986
10/17/2016,5380.559998
10/18/2016,4891.857
10/19/2016,5217.142002
10/20/2016,5014.84102
10/21/2016,7273.317
10/22/2016,9460.854
10/23/2016,7982.557996
10/24/2016,4695.241002
10/25/2016,4677.427002
10/26/2016,5557.801003
10/27/2016,4825.766
10/28/2016,7087.986
10/29/2016,10837.304
10/30/2016,7873.391
10/31/2016,5042.844
11/1/2016,6700.444
11/2/2016,9655.285
11/3/2016,7992.652996
11/4/2016,9199.761
11/5/2016,9594.761003
11/6/2016,8551.983
11/7/2016,5849.051
11/8/2016,5986.207
11/9/2016,6265.408
11/10/2016,5385.762998
11/11/2016,7091.909
11/12/2016,10022.15299
11/13/2016,9294.12
11/14/2016,5492.331006
11/15/2016,5520.384001
11/16/2016,6986.953012
11/17/2016,5455.074008
11/18/2016,7929.939998
11/19/2016,11176.60203
11/20/2016,9672.675
11/21/2016,6762.902998
11/22/2016,6698.504006
11/23/2016,7366.946002
11/24/2016,6014.874998
11/25/2016,8197.209954
11/26/2016,10942.681
11/27/2016,9656.37902
11/28/2016,6257.311002
11/29/2016,6295.153001
11/30/2016,7668.905974
12/1/2016,9539.312972
12/2/2016,10150.376
12/3/2016,13926.89302
12/4/2016,12297.33401
12/5/2016,21348.49898
12/6/2016,11464.784
12/7/2016,10875.56512
12/8/2016,10915.826
12/9/2016,14837.38801
12/10/2016,20418.137
12/11/2016,18529.08595
12/12/2016,23339.58387
12/13/2016,22712.14279
12/14/2016,32866.91204
12/15/2016,32206.44599
12/16/2016,65088.53414
12/17/2016,58606.12801
12/18/2016,62029.60888
12/19/2016,68972.89291
12/20/2016,82051.21496
12/21/2016,109451.1241
12/22/2016,96905.35804
12/23/2016,91756.49899
12/24/2016,49125.38403
12/25/2016,60843.92
12/26/2016,26747.26185
12/27/2016,26433.31595
12/28/2016,39280.51403
12/29/2016,41578.29482
12/30/2016,45110.21695
12/31/2016,32037.25391
